@inproceedings{titsias2009,
  title={Variational Learning of Inducing Variables in Sparse Gaussian Processes.},
  author={Titsias, Michalis K},
  booktitle={AISTATS},
  volume={5},
  pages={567--574},
  year={2009}
}

@inproceedings{hensman2013,
  title={Gaussian processes for Big data},
  author={Hensman, James and Fusi, Nicol{\`o} and Lawrence, Neil D},
  booktitle={Proceedings of the Twenty-Ninth Conference on Uncertainty in Artificial Intelligence},
  pages={282--290},
  year={2013},
  organization={AUAI Press}
}

@inproceedings{hensman2015,
  title={Scalable Variational Gaussian Process Classification.},
  author={Hensman, James and Matthews, Alexander G de G and Ghahramani, Zoubin},
  booktitle={AISTATS},
  year={2015}
}

@article{candela2005,
  title={A unifying view of sparse approximate Gaussian process regression},
  author={Qui{\~n}onero-Candela, Joaquin and Rasmussen, Carl Edward},
  journal={Journal of Machine Learning Research},
  volume={6},
  number={Dec},
  pages={1939--1959},
  year={2005}
}

@article{snelson2006,
  title={Sparse Gaussian processes using pseudo-inputs},
  author={Snelson, Edward and Ghahramani, Zoubin},
  journal={Advances in neural information processing systems},
  volume={18},
  pages={1257},
  year={2006},
  publisher={MIT; 1998}
}

@inproceedings{wilson2015,
  title={Kernel interpolation for scalable structured Gaussian processes (KISS-GP)},
  author={Wilson, Andrew and Nickisch, Hannes},
  booktitle={International Conference on Machine Learning},
  pages={1775--1784},
  year={2015}
}

@inproceedings{titsias2009,
  title={Variational Learning of Inducing Variables in Sparse Gaussian Processes.},
  author={Titsias, Michalis K},
  booktitle={AISTATS},
  volume={5},
  pages={567--574},
  year={2009}
}

@inproceedings{williams2000,
  title={Using the Nystr{\"o}m method to speed up kernel machines},
  author={Williams, Christopher KI and Seeger, Matthias},
  booktitle={Proceedings of the 13th International Conference on Neural Information Processing Systems},
  pages={661--667},
  year={2000},
  organization={MIT press}
}

@article{oseledets2011,
  title={Tensor-train decomposition},
  author={Oseledets, Ivan V},
  journal={SIAM Journal on Scientific Computing},
  volume={33},
  number={5},
  pages={2295--2317},
  year={2011},
  publisher={SIAM}
}

@inproceedings{wilson2016deep,
  title={Deep kernel learning},
  author={Wilson, Andrew Gordon and Hu, Zhiting and Salakhutdinov, Ruslan and Xing, Eric P},
  booktitle={Proceedings of the 19th International Conference on Artificial Intelligence and Statistics},
  pages={370--378},
  year={2016}
}

@inproceedings{wilson2016stochastic,
  title={Stochastic Variational Deep Kernel Learning},
  author={Wilson, Andrew G and Hu, Zhiting and Salakhutdinov, Ruslan R and Xing, Eric P},
  booktitle={Advances in Neural Information Processing Systems},
  pages={2586--2594},
  year={2016}
}

@misc{rasmussen2006,
  title={Gaussian processes for machine learning},
  author={Rasmussen, Carl E. and Williams, Chris K.},
  year={2006},
  publisher={MIT Press}
}

@phdthesis{saatci2012,
  title={Scalable inference for structured Gaussian process models},
  author={Saat\c{c}i, Yunus},
  year={2012},
  school={University of Cambridge}
}

@article{keys1981,
  title={Cubic convolution interpolation for digital image processing},
  author={Keys, Robert},
  journal={IEEE transactions on acoustics, speech, and signal processing},
  volume={29},
  number={6},
  pages={1153--1160},
  year={1981},
  publisher={IEEE}
}

@article{silverman1985,
  title={Some aspects of the spline smoothing approach to non-parametric regression curve fitting},
  author={Silverman, Bernhard W},
  journal={Journal of the Royal Statistical Society. Series B (Methodological)},
  pages={1--52},
  year={1985},
  publisher={JSTOR}
}

@inproceedings{novikov2014,
  title={Putting MRFs on a tensor train},
  author={Novikov, Alexander and Rodomanov, Anton and Osokin, Anton and Vetrov, Dmitry},
  booktitle={International Conference on Machine Learning},
  pages={811--819},
  year={2014}
}

@inproceedings{novikov2015,
  title={Tensorizing neural networks},
  author={Novikov, Alexander and Podoprikhin, Dmitrii and Osokin, Anton and Vetrov, Dmitry P},
  booktitle={Advances in Neural Information Processing Systems},
  pages={442--450},
  year={2015}
}

@inproceedings{bouchard2007,
  title={Efficient bounds for the softmax function and applications to approximate inference in hybrid models},
  author={Bouchard, Guillaume},
  booktitle={NIPS 2007 workshop for approximate Bayesian inference in continuous/hybrid systems},
  year={2007}
}

@inproceedings{ioffe2015,
  title={Batch Normalization: Accelerating Deep Network Training by Reducing Internal Covariate Shift},
  author={Ioffe, Sergey and Szegedy, Christian},
  booktitle={Proceedings of the 32nd International Conference on Machine Learning (ICML-15)},
  pages={448--456},
  year={2015}
}

@ARTICLE{GPflow2016,
   author = {Matthews, Alexander G. de G. and {van der Wilk}, Mark and Nickson, Tom and 
	Fujii, Keisuke. and {Boukouvalas}, Alexis and {Le{\'o}n-Villagr{\'a}}, Pablo and 
	Ghahramani, Zoubin and Hensman, James},
    title = "{{GP}flow: A {G}aussian process library using {T}ensor{F}low}",
  journal = {arXiv preprint 1610.08733},
     year = 2016,
    month = oct
}

@article{cutajar2016,
  title={Practical Learning of Deep Gaussian Processes via Random Fourier Features},
  author={Cutajar, Kurt and Bonilla, Edwin V and Michiardi, Pietro and Filippone, Maurizio},
  journal={arXiv preprint arXiv:1610.04386},
  year={2016}
}

@article{krizhevsky2009,
  title={Learning multiple layers of features from tiny images},
  author={Krizhevsky, Alex},
  year={2009},
  publisher={Citeseer}
}

@article{lecun1998,
  title={Gradient-based learning applied to document recognition},
  author={LeCun, Yann and Bottou, L{\'e}on and Bengio, Yoshua and Haffner, Patrick},
  journal={Proceedings of the IEEE},
  volume={86},
  number={11},
  pages={2278--2324},
  year={1998},
  publisher={IEEE}
}
